<?xml version="1.0" encoding="UTF-8"?><record xmlns="http://www.loc.gov/MARC21/slim" xmlns:cinclude="http://apache.org/cocoon/include/1.0" xmlns:zs="http://www.loc.gov/zing/srw/">
  <leader>00432nz  a2200121n  4500</leader>
  <controlfield tag="001">n  99255812 </controlfield>
  <controlfield tag="003">DLC</controlfield>
  <controlfield tag="005">19990929110338.0</controlfield>
  <controlfield tag="008">990929n| acannaabn          |n aaa      </controlfield>
  <datafield tag="010" ind1=" " ind2=" ">
    <subfield code="a">n  99255812 </subfield>
  </datafield>
  <datafield tag="040" ind1=" " ind2=" ">
    <subfield code="a">DLC</subfield>
    <subfield code="b">eng</subfield>
    <subfield code="c">DLC</subfield>
  </datafield>
  <datafield tag="100" ind1="1" ind2=" ">
    <subfield code="a">T︠S︡aturov, I︠U︡riĭ S.</subfield>
  </datafield>
  <datafield tag="670" ind1=" " ind2=" ">
    <subfield code="a">Atlas zagri︠a︡znenii︠a︡ Evropy t︠s︡eziem posle avarii na Chernobylʹskoĭ atomnoĭ stant︠s︡ii, 1996:</subfield>
    <subfield code="b">t.p. (I︠U︡riĭ S. T︠S︡aturov)</subfield>
  </datafield>
</record>